@online{companysite-programs,
    title = "1 Million Teachers",
    subtitle = "How we empower teachers",
    url  = "https://1millionteachers.com/programs-v/",
    addendum = "(accessed: 04.01.2016)",
}

@online{companysite-about,
    title = "1 Million Teachers",
    subtitle = "We empower teachers",
    url  = "https://1millionteachers.com/about-1-million-teachers/",
    addendum = "(accessed: 04.01.2016)",
    site = {1 Million Teachers}
}

@online{industrydef,
    author = "Claire O'Connor",
    title = "US Specialized Industry Report OD6038: Online Tutoring",
    url  = "http://www-cs-faculty.stanford.edu/~uno/abcde.html",
    addendum = "(accessed: 04.01.2021)",
    urldate = {2020-09-01},
    year = {2020}
}

@online{segmentation-corruption,
    author = "Nelson Sobrinho and Vimal Thakoor",
    title = "More Sand Than Oil",
    url  = "https://www.imf.org/external/pubs/ft/fandd/2019/09/tackling-corruption-in-sub-saharan-africa-sobrinho.htm",
    addendum = "(accessed: 04.01.2021)",
    urldate = {2019-09},
    year = {2019}
}

@online{trends-politics-women,
    author = "Zipporah Musau",
    title = "African Women in politics: Miles to go before parity is achieved",
    url  = "https://www.un.org/africarenewal/magazine/april-2019-july-2019/african-women-politics-miles-go-parity-achieved",
    addendum = "(accessed: 04.01.2021)",
    urldate = {2019-04-08},
    year = {2019}
}

@online{private-public-salaries,
    author = "n.a.",
    title = "What Is the Difference Between Public and Private Teacher Salaries?",
    url  = "https://www.indeed.com/career-advice/pay-salary/private-teacher-salary",
    addendum = "(accessed: 04.01.2021)",
    urldate = {2021-03-02},
    year = {2021}
}

@online{private-public-success,
    author = "Brian Isaacs",
    title = "Schools: Public vs private",
    url  = "https://www.iol.co.za/capeargus/opinion/schools-public-vs-private-43876884",
    addendum = "(accessed: 04.01.2021)",
    urldate = {2020-03-02},
    year = {2020}
}

@online{elearning,
    author = "Christopher Pappas",
    title = "How to Create a Successful Interactive eLearning Strategy",
    url  = "https://elearningindustry.com/7-tips-to-develop-successful-interactive-elearning-strategy#:~:text=High%20quality%20content%2C%20polished%20design,is%20no%20other%20than%20interactivity.",
    addendum = "(accessed: 04.01.2021)",
    urldate = {2014-06-16},
    year = {2014}
}

@online{trends-economical-covid,
    author = "Benno Ndulu",
    title = "The COVID-19 Pandemic and Its Impact on Sub-Saharan African Economies",
    url  = "https://www.cigionline.org/articles/covid-19-pandemic-and-its-impact-sub-saharan-african-economies",
    addendum = "(accessed: 04.01.2021)",
    urldate = {2020-08-06},
    year = {2020}
}

@book{billAulet,
    title = {Disciplined Entrepreneurship: 24 Steps to a Successful Startup},
    author = {Bill Aulet},
    year = {2013},
    publisher = {Wiley},
}
